<record><leader>00000cas a2200000 a 4500</leader><controlfield tag="001">41383376</controlfield><controlfield tag="008">990518d193u1937iluwr ne      0   a0eng c</controlfield><datafield ind1=" " ind2=" " tag="010"><subfield code="a">sn 99064009 </subfield></datafield><datafield ind1=" " ind2=" " tag="040"><subfield code="a">NVF</subfield><subfield code="b">eng</subfield><subfield code="c">NVF</subfield><subfield code="d">NVF</subfield><subfield code="d">OCLCQ</subfield><subfield code="d">OCLCF</subfield><subfield code="d">OCLCO</subfield><subfield code="d">NVF</subfield></datafield><datafield ind1=" " ind2=" " tag="042"><subfield code="a">pcc</subfield></datafield><datafield ind1=" " ind2=" " tag="043"><subfield code="a">n-us-il</subfield></datafield><datafield ind1="0" ind2="0" tag="245"><subfield code="a">Mendon dispatch-times &amp; Quincy times.</subfield></datafield><datafield ind1="1" ind2="7" tag="246"><subfield code="a">Mendon dispatch-times</subfield></datafield><datafield ind1="3" ind2=" " tag="246"><subfield code="a">Mendon dispatch-times and Quincy times</subfield></datafield><datafield ind1="3" ind2=" " tag="246"><subfield code="a">Mendon dispatch times &amp; Quincy times</subfield></datafield><datafield ind1="3" ind2=" " tag="246"><subfield code="a">Mendon dispatch times</subfield></datafield><datafield ind1=" " ind2=" " tag="260"><subfield code="a">Mendon, Ill. :</subfield><subfield code="b">Ernest E. Kroll</subfield></datafield><datafield ind1=" " ind2=" " tag="300"><subfield code="a">v.</subfield></datafield><datafield ind1=" " ind2=" " tag="310"><subfield code="a">Weekly</subfield></datafield><datafield ind1="0" ind2=" " tag="362"><subfield code="a">-v. 59, no. 41 (July 8, 1937).</subfield></datafield><datafield ind1=" " ind2=" " tag="580"><subfield code="a">Formed by the union of: Quincy times and: Mendon dispatch-times (Mendon, Ill. : 1932).</subfield></datafield><datafield ind1=" " ind2=" " tag="588"><subfield code="a">Description based on: Vol. 49, no. 1 (Oct. 3, 1935).</subfield></datafield><datafield ind1=" " ind2="0" tag="651"><subfield code="a">Mendon (Ill.)</subfield><subfield code="v">Newspapers.</subfield></datafield><datafield ind1=" " ind2="0" tag="651"><subfield code="a">Quincy (Ill.)</subfield><subfield code="v">Newspapers.</subfield></datafield><datafield ind1=" " ind2="7" tag="651"><subfield code="a">Illinois</subfield><subfield code="z">Mendon.</subfield><subfield code="2">fast</subfield><subfield code="0">(OCoLC)fst01295641</subfield></datafield><datafield ind1=" " ind2="7" tag="651"><subfield code="a">Illinois</subfield><subfield code="z">Quincy.</subfield><subfield code="2">fast</subfield><subfield code="0">(OCoLC)fst01212078</subfield></datafield><datafield ind1=" " ind2="7" tag="655"><subfield code="a">Newspapers.</subfield><subfield code="2">fast</subfield><subfield code="0">(OCoLC)fst01423814</subfield></datafield><datafield ind1=" " ind2=" " tag="752"><subfield code="a">United States</subfield><subfield code="b">Illinois</subfield><subfield code="c">Adams</subfield><subfield code="d">Mendon.</subfield></datafield><datafield ind1="1" ind2="4" tag="780"><subfield code="t">Quincy times</subfield></datafield><datafield ind1="1" ind2="4" tag="780"><subfield code="t">Mendon dispatch-times (Mendon, Ill. : 1932)</subfield><subfield code="w">(DLC)sn 99064008</subfield><subfield code="w">(OCoLC)41383293</subfield></datafield><datafield ind1="0" ind2="0" tag="785"><subfield code="t">Mendon dispatch-times (Mendon, Ill. : 1937)</subfield><subfield code="w">(DLC)sn 99064010</subfield><subfield code="w">(OCoLC)33275147</subfield></datafield><datafield ind1="1" ind2=" " tag="029"><subfield code="a">AU@</subfield><subfield code="b">000020123622</subfield></datafield></record>